@inproceedings{inproceedings,
author = {Abbas, Noura and Gravell, Andrew and Wills, Gary},
year = {2008},
month = {06},
pages = {},
title = {Historical Roots of Agile Methods: Where Did “Agile Thinking” Come From?},
volume = {9},
journal = {Lecture Notes in Business Information Processing},
doi = {10.1007/978-3-540-68255-4_10}
}